@article{qi_convolutional_2019,
 author = {Qi, Fei and Lin, Chunhuan and Shi, Guangming and Li, Hao},
 date = {2019-05-08},
 doi = {10.1109/ACCESS.2019.2915630},
 issn = {2169-3536},
 journaltitle = {IEEE Access},
 keywords = {NSFC,saliency},
 pages = {60428--60438},
 title = {A {{Convolutional Encoder}}-{{Decoder Network}} with {{Skip Connections}} for {{Saliency Prediction}}},
 volume = {7}
}

@article{qi_structure_2013,
 author = {Qi, Fei and Han, Junyu and Wang, Pengjin and Shi, Guangming and Li, Fu},
 date = {2013-01-01},
 doi = {10.1016/j.patrec.2012.06.003},
 issn = {0167-8655},
 journaltitle = {Pattern Recognition Letters},
 keywords = {publication},
 number = {1},
 pages = {70--76},
 title = {Structure Guided Fusion for Depth Map Inpainting},
 volume = {34}
}

@article{xia_bottom-up_2016,
 author = {Xia, Chen and Qi, Fei and Shi, Guangming},
 date = {2016-06},
 doi = {10.1109/TNNLS.2015.2512898},
 journaltitle = {IEEE Transactions on Neural Networks and Learning Systems},
 keywords = {NSFC,saliency},
 number = {6},
 pages = {1227--1240},
 title = {Bottom-{{Up Visual Saliency Estimation}} with {{Deep Autoencoder}}-Based {{Sparse Reconstruction}}},
 volume = {27}
}

@inproceedings{xia_iterative_2017,
 author = {Xia, Chen and Qi, Fei and Shi, Guangming},
 booktitle = {Proceedings of the {{IEEE International Conference}} on {{Multimedia}} and {{Expo}} ({{ICME}})},
 date = {2017-07-10/2017-07-14},
 doi = {10.1109/ICME.2017.8019396},
 eventtitle = {{{IEEE Int}}'l {{Conf}}. {{Multimedia}} and {{Expo}} ({{ICME}})},
 keywords = {NSFC,saliency},
 location = {{Hong Kong}},
 pages = {1530--1535},
 publisher = {{IEEE}},
 title = {An {{Iterative Representation Learning Framework}} to {{Predict}} the {{Sequence}} of {{Eye Fixations}}}
}

@article{xia_nonlocal_2015,
 author = {Xia, Chen and Qi, Fei and Shi, Guangming and Wang, Pengjin},
 date = {2015-04},
 doi = {10.1016/j.patcog.2014.10.007},
 issn = {0031-3203},
 journaltitle = {Pattern Recognition},
 keywords = {publication},
 number = {4},
 pages = {1337--1348},
 title = {Nonlocal Centerâ€“Surround Reconstruction-Based Bottom-up Saliency Estimation},
 volume = {48}
}

@article{xia_predicting_2019,
 author = {Xia, Chen and Han, Junwei and Qi, Fei and Shi, Guangming},
 date = {2019-07},
 journaltitle = {IEEE Transactions on Image Processing},
 keywords = {NSFC,saliency},
 number = {7},
 pages = {3502--3515},
 title = {Predicting {{Human Saccadic Scanpaths Based}} on {{Iterative Representation Learning}}},
 volume = {28}
}